<record><leader>01895nam a2200493 a 4500</leader><controlfield tag="001">6784701</controlfield><controlfield tag="003">OCoLC</controlfield><controlfield tag="005">20150113120746.0</controlfield><controlfield tag="006">m     o  d        </controlfield><controlfield tag="007">cr unu</controlfield><controlfield tag="008">150113s2015    maua    ob    001 0 eng d</controlfield><datafield ind1=" " ind2=" " tag="020"><subfield code="a">9780128004708</subfield></datafield><datafield ind1=" " ind2=" " tag="020"><subfield code="a">0128004703</subfield></datafield><datafield ind1=" " ind2=" " tag="020"><subfield code="z">9780127999579</subfield></datafield><datafield ind1=" " ind2=" " tag="035"><subfield code="a">ocn900086620</subfield></datafield><datafield ind1=" " ind2=" " tag="037"><subfield code="a">CL0500000526</subfield><subfield code="b">Safari Books Online</subfield></datafield><datafield ind1=" " ind2=" " tag="039"><subfield code="a">exclude</subfield></datafield><datafield ind1=" " ind2=" " tag="040"><subfield code="a">UMI</subfield><subfield code="b">eng</subfield><subfield code="e">rda</subfield><subfield code="e">pn</subfield><subfield code="c">UMI</subfield><subfield code="d">AEU</subfield></datafield><datafield ind1=" " ind2="4" tag="050"><subfield code="a">QA76.9.D3</subfield></datafield><datafield ind1=" " ind2=" " tag="090"><subfield code="a">Internet Access</subfield><subfield code="b">AEGMCT</subfield></datafield><datafield ind1=" " ind2=" " tag="090"><subfield code="a">Internet Access</subfield><subfield code="b">AEU</subfield></datafield><datafield ind1="1" ind2=" " tag="100"><subfield code="a">Cur&#233;, Olivier,</subfield><subfield code="e">author.</subfield></datafield><datafield ind1="1" ind2="0" tag="245"><subfield code="a">RDF database systems :</subfield><subfield code="b">triples storage and SPARQL query processing /</subfield><subfield code="c">by Olivier Cur&#233;, Guillaume Blin.</subfield></datafield><datafield ind1="3" ind2=" " tag="246"><subfield code="a">Resource description framework database systems</subfield></datafield><datafield ind1="3" ind2="0" tag="246"><subfield code="a">Triples storage and SPARQL query processing</subfield></datafield><datafield ind1="3" ind2="0" tag="246"><subfield code="a">Triples storage simple protocol and RDF query language</subfield></datafield><datafield ind1=" " ind2=" " tag="250"><subfield code="a">First edition.</subfield></datafield><datafield ind1=" " ind2="1" tag="264"><subfield code="a">Waltham, MA :</subfield><subfield code="b">Morgan Kaufmann,</subfield><subfield code="c">2015.</subfield></datafield><datafield ind1=" " ind2=" " tag="300"><subfield code="a">1 online resource (1 volume) :</subfield><subfield code="b">illustrations</subfield></datafield><datafield ind1=" " ind2=" " tag="336"><subfield code="a">text</subfield><subfield code="b">txt</subfield><subfield code="2">rdacontent</subfield></datafield><datafield ind1=" " ind2=" " tag="337"><subfield code="a">computer</subfield><subfield code="b">c</subfield><subfield code="2">rdamedia</subfield></datafield><datafield ind1=" " ind2=" " tag="338"><subfield code="a">online resource</subfield><subfield code="b">cr</subfield><subfield code="2">rdacarrier</subfield></datafield><datafield ind1=" " ind2=" " tag="504"><subfield code="a">Includes bibliographical references and index.</subfield></datafield><datafield ind1=" " ind2=" " tag="506"><subfield code="a">Access restricted to authorized users and institutions.</subfield></datafield><datafield ind1=" " ind2=" " tag="588"><subfield code="a">Description based on print version record.</subfield></datafield><datafield ind1=" " ind2=" " tag="596"><subfield code="a">44</subfield></datafield><datafield ind1=" " ind2="0" tag="650"><subfield code="a">Database management.</subfield></datafield><datafield ind1=" " ind2="0" tag="650"><subfield code="a">RDF (Document markup language)</subfield></datafield><datafield ind1=" " ind2="0" tag="650"><subfield code="a">Query languages (Computer science)</subfield></datafield><datafield ind1=" " ind2="0" tag="650"><subfield code="a">Querying (Computer science)</subfield></datafield><datafield ind1="1" ind2=" " tag="700"><subfield code="a">Blin, Guillaume,</subfield><subfield code="e">author.</subfield></datafield><datafield ind1="4" ind2="0" tag="856"><subfield code="3">University of Alberta Access</subfield><subfield code="u">http://proquest.safaribooksonline.com/?uiCode=ualberta&amp;xmlId=9780127999579</subfield></datafield><datafield ind1=" " ind2=" " tag="949"><subfield code="a">Internet Access</subfield><subfield code="h">UAIN</subfield><subfield code="m">GR_MAC_INT</subfield><subfield code="z">SAFMAC</subfield></datafield><datafield ind1=" " ind2=" " tag="926"><subfield code="a">Internet Access</subfield><subfield code="w">LC</subfield><subfield code="c">1</subfield><subfield code="i">6784701-1001</subfield><subfield code="l">INTERNET</subfield><subfield code="m">UAINTERNET</subfield><subfield code="r">Y</subfield><subfield code="s">Y</subfield><subfield code="t">E-RESOURCE</subfield><subfield code="u">1/16/2015</subfield><subfield code="x">E-BOOK</subfield><subfield code="z">SAFARI</subfield></datafield></record>